<?xml version="1.0" encoding="UTF-8"?><collection xmlns="http://www.loc.gov/MARC21/slim"><record><leader>00464nam--2200169-i-4500</leader><controlfield tag="001">000002298</controlfield><controlfield tag="002">20161230</controlfield><controlfield tag="005">20170125232341</controlfield><controlfield tag="008">060222s1000------------r-----000-0-eng-d</controlfield><datafield ind1=" " ind2=" " tag="080"><subfield code="a">546.17</subfield></datafield><datafield ind1=" " ind2=" " tag="245"><subfield code="a">The chemistry of the nitro and nitrosco groups</subfield></datafield><datafield ind1=" " ind2=" " tag="260"><subfield code="a">New York</subfield><subfield code="b">Interscience Publishers</subfield><subfield code="c">1969-1970</subfield></datafield><datafield ind1=" " ind2=" " tag="300"><subfield code="a">XII + 771 p</subfield></datafield><datafield ind1=" " ind2=" " tag="490"><subfield code="a">The Chemistry Of Functional Groups</subfield></datafield><datafield ind1=" " ind2=" " tag="700"><subfield code="a">Feuer, Henry</subfield></datafield><datafield ind1=" " ind2=" " tag="852"><subfield code="a">33178</subfield></datafield><datafield ind1=" " ind2=" " tag="CAT"><subfield code="a">SYS</subfield><subfield code="c">20170125</subfield><subfield code="h">232341</subfield></datafield></record></collection>